<?xml version="1.0" encoding="UTF-8"?>
<record xmlns="http://www.loc.gov/MARC21/slim" xmlns:xsi="http://www.w3.org/2001/XMLSchema-instance" xsi:schemaLocation="http://www.loc.gov/MARC21/slim http://www.loc.gov/standards/marcxml/schema/MARC21slim.xsd">
<leader>00000cam a22      a 4500</leader>
<controlfield tag="001">001682195</controlfield>
<controlfield tag="003">NNU</controlfield>
<controlfield tag="005">20160107165320.0</controlfield>
<controlfield tag="008">881209s1964    iq h     b    000 0 ara</controlfield>
<datafield tag="010" ind1=" " ind2=" ">
<subfield code="a">ne 68003889</subfield>
</datafield>
<datafield tag="035" ind1=" " ind2=" ">
<subfield code="a">(OCoLC)18882848</subfield>
</datafield>
<datafield tag="040" ind1=" " ind2=" ">
<subfield code="a">DLC</subfield>
<subfield code="b">eng</subfield>
<subfield code="c">CUY</subfield>
<subfield code="d">DLC</subfield>
<subfield code="d">OCLCF</subfield>
<subfield code="d">OCLCQ</subfield>
<subfield code="d">OCLCO</subfield>
<subfield code="d">ZCU</subfield>
<subfield code="d">NNU</subfield>
</datafield>
<datafield tag="042" ind1=" " ind2=" ">
<subfield code="a">premarc</subfield>
</datafield>
<datafield tag="050" ind1="0" ind2="0">
<subfield code="a">RS79</subfield>
<subfield code="b">.M65 1940a</subfield>
</datafield>
<datafield tag="100" ind1="1" ind2=" ">
<subfield code="6">880-01</subfield>
<subfield code="a">Maimonides, Moses,</subfield>
<subfield code="d">1135-1204.</subfield>
</datafield>
<datafield tag="245" ind1="1" ind2="0">
<subfield code="6">880-02</subfield>
<subfield code="a">Sharḥ asmāʼ al-ʻuqqār /</subfield>
<subfield code="c">taʼlīf al-shaykh al-raʼīs Abī ʻUmrān Mụsá ibn ʻUbayd Allāh al-Isrāʼīlī al-Qurṭubī. Nasharahu wa-ṣaḥḥaḥahu wa-rājaʻahu ʻalá al-nuskhah al-waḥīdah al-maḥfūẓah bi-Istānbūl Māks Māyirhūf.</subfield>
</datafield>
<datafield tag="260" ind1=" " ind2=" ">
<subfield code="6">880-03</subfield>
<subfield code="a">Baghdād :</subfield>
<subfield code="b">yuṭlabu min Maktabat al-Muthanná,</subfield>
<subfield code="c">[1964?]</subfield>
</datafield>
<datafield tag="300" ind1=" " ind2=" ">
<subfield code="a">69, lxxvi pages</subfield>
<subfield code="b">2 facsimiles</subfield>
<subfield code="c">28 cm</subfield>
</datafield>
<datafield tag="336" ind1=" " ind2=" ">
<subfield code="a">text</subfield>
<subfield code="b">txt</subfield>
<subfield code="2">rdacontent</subfield>
</datafield>
<datafield tag="337" ind1=" " ind2=" ">
<subfield code="a">unmediated</subfield>
<subfield code="b">n</subfield>
<subfield code="2">rdamedia</subfield>
</datafield>
<datafield tag="338" ind1=" " ind2=" ">
<subfield code="a">volume</subfield>
<subfield code="b">nc</subfield>
<subfield code="2">rdacarrier</subfield>
</datafield>
<datafield tag="500" ind1=" " ind2=" ">
<subfield code="a">Added t.p.: Sharḥ asmā al-ʻuqqār šarḥ asmāʼ al-ʻuqqār, L'explication des noms de drogues; un glossaire de matière médicale composé par Maïmonide.</subfield>
</datafield>
<datafield tag="500" ind1=" " ind2=" ">
<subfield code="a">Photo reproduction of the ed. published in Cairo, 1940, omitting the French translation, notes, and index.</subfield>
</datafield>
<datafield tag="504" ind1=" " ind2=" ">
<subfield code="a">Includes bibliographical references (pages lxxi-lxxvi).</subfield>
</datafield>
<datafield tag="530" ind1=" " ind2=" ">
<subfield code="a">Also issued online.</subfield>
</datafield>
<datafield tag="650" ind1=" " ind2="0">
<subfield code="a">Materia medica</subfield>
<subfield code="v">Early works to 1800.</subfield>
</datafield>
<datafield tag="650" ind1=" " ind2="7">
<subfield code="a">Materia medica.</subfield>
<subfield code="2">fast</subfield>
<subfield code="0">(OCoLC)fst01011707</subfield>
</datafield>
<datafield tag="655" ind1=" " ind2="7">
<subfield code="a">Early works.</subfield>
<subfield code="2">fast</subfield>
<subfield code="0">(OCoLC)fst01411636</subfield>
</datafield>
<datafield tag="700" ind1="1" ind2=" ">
<subfield code="6">880-04</subfield>
<subfield code="a">Meyerhof, Max,</subfield>
<subfield code="d">1874-1945.</subfield>
</datafield>
<datafield tag="740" ind1="0" ind2=" ">
<subfield code="6">880-05</subfield>
<subfield code="a">Sharḥ asmāʼ al-ʻuqqār.</subfield>
</datafield>
<datafield tag="740" ind1="0" ind2=" ">
<subfield code="a">Explication des noms de drogues.</subfield>
</datafield>
<datafield tag="776" ind1="0" ind2="8">
<subfield code="i">Online version:</subfield>
<subfield code="a">Maimonides, Moses, 1135-1204.</subfield>
<subfield code="t">Sharḥ asmāʼ al-ʻuqqār.</subfield>
<subfield code="d">Baghdād, yuṭlabu min Maktabat al-Muthanná [1964?]</subfield>
<subfield code="w">(OCoLC)644896386</subfield>
</datafield>
<datafield tag="880" ind1="1" ind2=" ">
<subfield code="6">100-01/</subfield>
<subfield code="a">ميمونيدس, موسى,</subfield>
<subfield code="d">1135-1204.</subfield>
</datafield>
<datafield tag="880" ind1="1" ind2="0">
<subfield code="6">245-02/</subfield>
<subfield code="a">شرح أسماء العقار /</subfield>
<subfield code="c">تأليف الشيخ الرئيس أبي عمران موسى بن عبيد الله الإسرائيلي القرطبي. نشره وصححه وراجعه على النسخة الوحيدة المحفوظة باستنبول ماكس مايرهوف.</subfield>
</datafield>
<datafield tag="880" ind1=" " ind2=" ">
<subfield code="6">260-03/</subfield>
<subfield code="a">بغداد :</subfield>
<subfield code="b">يطلب من مكتبة المثنى،</subfield>
<subfield code="c">[1964؟]</subfield>
</datafield>
<datafield tag="880" ind1="1" ind2=" ">
<subfield code="6">700-04/</subfield>
<subfield code="a">مايرهوف، ماكس،</subfield>
<subfield code="d">18741945.</subfield>
</datafield>
<datafield tag="880" ind1="0" ind2=" ">
<subfield code="6">740-05/</subfield>
<subfield code="a">شرح اسماء العقار.</subfield>
</datafield>
<datafield tag="OWN" ind1=" " ind2=" ">
<subfield code="a">GENERAL</subfield>
</datafield>
<datafield tag="AVA" ind1=" " ind2=" ">
<subfield code="a">NYU50</subfield>
<subfield code="b">BOBST</subfield>
<subfield code="c">Main Collection</subfield>
<subfield code="d">RS79 .M65 1940</subfield>
<subfield code="e">unavailable</subfield>
<subfield code="t">Unavailable</subfield>
<subfield code="f">1</subfield>
<subfield code="g">1</subfield>
<subfield code="h">N</subfield>
<subfield code="i">0</subfield>
<subfield code="j">MAIN</subfield>
<subfield code="k">0</subfield>
</datafield>
</record>
